@article{DBLP:journals/corr/abs-2108-09663,
  author    = {Xidong Peng and
               Xinge Zhu and
               Tai Wang and
               Yuexin Ma},
  title     = {{SIDE:} Center-based Stereo 3D Detector with Structure-aware Instance
               Depth Estimation},
  journal   = {CoRR},
  volume    = {abs/2108.09663},
  year      = {2021},
  url       = {https://arxiv.org/abs/2108.09663},
  eprinttype = {arXiv},
  eprint    = {2108.09663},
  timestamp = {Fri, 27 Aug 2021 15:02:29 +0200},
  biburl    = {https://dblp.org/rec/journals/corr/abs-2108-09663.bib},
  bibsource = {dblp computer science bibliography, https://dblp.org}
}

@article{yolo3d,
  author    = {Yuxuan Liu and
               Lujia Wang and
               Ming Liu},
  title     = {YOLOStereo3D: {A} Step Back to 2D for Efficient Stereo 3D Detection},
  journal   = {CoRR},
  volume    = {abs/2103.09422},
  year      = {2021},
  url       = {https://arxiv.org/abs/2103.09422},
  eprinttype = {arXiv},
  eprint    = {2103.09422},
  timestamp = {Wed, 29 Sep 2021 08:56:00 +0200},
  biburl    = {https://dblp.org/rec/journals/corr/abs-2103-09422.bib},
  bibsource = {dblp computer science bibliography, https://dblp.org}
}

@article{DBLP:journals/corr/abs-2004-03080,
  author    = {Rui Qian and
               Divyansh Garg and
               Yan Wang and
               Yurong You and
               Serge J. Belongie and
               Bharath Hariharan and
               Mark Campbell and
               Kilian Q. Weinberger and
               Wei{-}Lun Chao},
  title     = {End-to-End Pseudo-LiDAR for Image-Based 3D Object Detection},
  journal   = {CoRR},
  volume    = {abs/2004.03080},
  year      = {2020},
  url       = {https://arxiv.org/abs/2004.03080},
  eprinttype = {arXiv},
  eprint    = {2004.03080},
  timestamp = {Thu, 09 Apr 2020 09:25:15 +0200},
  biburl    = {https://dblp.org/rec/journals/corr/abs-2004-03080.bib},
  bibsource = {dblp computer science bibliography, https://dblp.org}
}

@article{raft-stereo,
  author    = {Lahav Lipson and
               Zachary Teed and
               Jia Deng},
  title     = {RAFT-Stereo: Multilevel Recurrent Field Transforms for Stereo Matching},
  journal   = {CoRR},
  volume    = {abs/2109.07547},
  year      = {2021},
  url       = {https://arxiv.org/abs/2109.07547},
  eprinttype = {arXiv},
  eprint    = {2109.07547},
  timestamp = {Wed, 22 Sep 2021 14:16:57 +0200},
  biburl    = {https://dblp.org/rec/journals/corr/abs-2109-07547.bib},
  bibsource = {dblp computer science bibliography, https://dblp.org}
}

@article{raft,
  author    = {Zachary Teed and
               Jia Deng},
  title     = {{RAFT:} Recurrent All-Pairs Field Transforms for Optical Flow},
  journal   = {CoRR},
  volume    = {abs/2003.12039},
  year      = {2020},
  url       = {https://arxiv.org/abs/2003.12039},
  eprinttype = {arXiv},
  eprint    = {2003.12039},
  timestamp = {Mon, 01 Feb 2021 18:33:24 +0100},
  biburl    = {https://dblp.org/rec/journals/corr/abs-2003-12039.bib},
  bibsource = {dblp computer science bibliography, https://dblp.org}
}

@inproceedings{crestereo,
  title={Practical stereo matching via cascaded recurrent network with adaptive correlation},
  author={Li, Jiankun and Wang, Peisen and Xiong, Pengfei and Cai, Tao and Yan, Ziwei and Yang, Lei and Liu, Jiangyu and Fan, Haoqiang and Liu, Shuaicheng},
  booktitle={Proceedings of the IEEE/CVF Conference on Computer Vision and Pattern Recognition},
  pages={16263--16272},
  year={2022}
}

@article{loftr,
  author    = {Jiaming Sun and
               Zehong Shen and
               Yuang Wang and
               Hujun Bao and
               Xiaowei Zhou},
  title     = {LoFTR: Detector-Free Local Feature Matching with Transformers},
  journal   = {CoRR},
  volume    = {abs/2104.00680},
  year      = {2021},
  url       = {https://arxiv.org/abs/2104.00680},
  eprinttype = {arXiv},
  eprint    = {2104.00680},
  timestamp = {Mon, 12 Apr 2021 16:14:56 +0200},
  biburl    = {https://dblp.org/rec/journals/corr/abs-2104-00680.bib},
  bibsource = {dblp computer science bibliography, https://dblp.org}
}

@article{vit,
  author    = {Alexey Dosovitskiy and
               Lucas Beyer and
               Alexander Kolesnikov and
               Dirk Weissenborn and
               Xiaohua Zhai and
               Thomas Unterthiner and
               Mostafa Dehghani and
               Matthias Minderer and
               Georg Heigold and
               Sylvain Gelly and
               Jakob Uszkoreit and
               Neil Houlsby},
  title     = {An Image is Worth 16x16 Words: Transformers for Image Recognition
               at Scale},
  journal   = {CoRR},
  volume    = {abs/2010.11929},
  year      = {2020},
  url       = {https://arxiv.org/abs/2010.11929},
  eprinttype = {arXiv},
  eprint    = {2010.11929},
  timestamp = {Fri, 20 Nov 2020 14:04:05 +0100},
  biburl    = {https://dblp.org/rec/journals/corr/abs-2010-11929.bib},
  bibsource = {dblp computer science bibliography, https://dblp.org}
}

@article{dsgn,
  title={DSGN++: Exploiting Visual-Spatial Relation for Stereo-based 3D Detectors},
  author={Chen, Yilun and Huang, Shijia and Liu, Shu and Yu, Bei and Jia, Jiaya},
  journal={arXiv preprint arXiv:2204.03039},
  year={2022}
}

@article{disp_rcnn,
  author    = {Jiaming Sun and
               Linghao Chen and
               Yiming Xie and
               Siyu Zhang and
               Qinhong Jiang and
               Xiaowei Zhou and
               Hujun Bao},
  title     = {Disp {R-CNN:} Stereo 3D Object Detection via Shape Prior Guided Instance
               Disparity Estimation},
  journal   = {CoRR},
  volume    = {abs/2004.03572},
  year      = {2020},
  url       = {https://arxiv.org/abs/2004.03572},
  eprinttype = {arXiv},
  eprint    = {2004.03572},
  timestamp = {Wed, 08 Apr 2020 17:08:25 +0200},
  biburl    = {https://dblp.org/rec/journals/corr/abs-2004-03572.bib},
  bibsource = {dblp computer science bibliography, https://dblp.org}
}

@article{plumenet,
  author    = {Yan Wang and
               Bin Yang and
               Rui Hu and
               Ming Liang and
               Raquel Urtasun},
  title     = {{PLUME:} Efficient 3D Object Detection from Stereo Images},
  journal   = {CoRR},
  volume    = {abs/2101.06594},
  year      = {2021},
  url       = {https://arxiv.org/abs/2101.06594},
  eprinttype = {arXiv},
  eprint    = {2101.06594},
  timestamp = {Sat, 18 Jun 2022 11:32:23 +0200},
  biburl    = {https://dblp.org/rec/journals/corr/abs-2101-06594.bib},
  bibsource = {dblp computer science bibliography, https://dblp.org}
}

@article{centernet,
  author    = {Xingyi Zhou and
               Dequan Wang and
               Philipp Kr{\"{a}}henb{\"{u}}hl},
  title     = {Objects as Points},
  journal   = {CoRR},
  volume    = {abs/1904.07850},
  year      = {2019},
  url       = {http://arxiv.org/abs/1904.07850},
  eprinttype = {arXiv},
  eprint    = {1904.07850},
  timestamp = {Fri, 26 Apr 2019 13:18:53 +0200},
  biburl    = {https://dblp.org/rec/journals/corr/abs-1904-07850.bib},
  bibsource = {dblp computer science bibliography, https://dblp.org}
}

@article{dsgn_o,
  author    = {Yilun Chen and
               Shu Liu and
               Xiaoyong Shen and
               Jiaya Jia},
  title     = {{DSGN:} Deep Stereo Geometry Network for 3D Object Detection},
  journal   = {CoRR},
  volume    = {abs/2001.03398},
  year      = {2020},
  url       = {https://arxiv.org/abs/2001.03398},
  eprinttype = {arXiv},
  eprint    = {2001.03398},
  timestamp = {Fri, 17 Jan 2020 14:07:30 +0100},
  biburl    = {https://dblp.org/rec/journals/corr/abs-2001-03398.bib},
  bibsource = {dblp computer science bibliography, https://dblp.org}
}